%each entry in a .bib file corresponds to a reference. 
%Rather than add a reference manually - which is very easy to get wrong - it is much better to use a service that can generate the reference for you. You can do it with Google, or Mendeley, or Zotero.  

@article{guy17:_thing_i_wrote,
	title = {A {M}adeup Paper},
	volume = {1},
	issn = {xxxx-xxxx},
	url = {http://www.notawebsite.org},
	doi = {10.xx/xxxx},
	number = {1},
	journal = {International Journal of Sample References},
	author = {P,Q.R.},
	year = {1983},
	note = {Publisher: [Wiley, Coyote Inc.]},
	pages = {59--72}
}